@Misc{prezentace,
	author = {Václav Šimek},
	title = {Pár slov k projektům ... Světelná tabulce},
	howpublished = {[online]},
	year = {27. října 2022},
	note = {[vid. 2012-12-13]},
	url = {https://www.fit.vutbr.cz/~simekv/IMP_projekt_svetelna_tabule.pdf},
}


@Misc{schemafitkit,
	author = {Václav Šimek},
	title = {Schéma platformy FitKit3},
	howpublished = {[online]},
	year = {16. července 2013},
	note = {[vid. 2012-12-13]},
	url = {https://www.fit.vutbr.cz/~simekv/IMP_projekt_board_FITkit_v3.0_schematic.pdf},
}


@Misc{k60_manual,
	title = {K60 Sub-Family Reference Manual},
	howpublished = {[online]},
	year = {rev. 2. červen 2012},
	note = {[vid. 2022-12-13]},
	url = {https://www.nxp.com/files-static/32bit/doc/ref_manual/K60P144M100SF2RM.pdf?&fpsp=1&WT\_TYPE=Reference\%20Manuals&WT\_VENDOR=FREESCALE\&WT\_FILE\_FORMAT=pdf\&WT_ASSET=Documentation&fileExt=.pdf},
}
